<record><leader>00000cas a2200000 a 4500</leader><controlfield tag="001">43526295</controlfield><controlfield tag="008">000225c20009999cauwr ne      0    0eng c</controlfield><datafield ind1=" " ind2=" " tag="010"><subfield code="a">sn 00060678 </subfield></datafield><datafield ind1=" " ind2=" " tag="040"><subfield code="a">CDS</subfield><subfield code="b">eng</subfield><subfield code="c">CDS</subfield><subfield code="d">CNK</subfield><subfield code="d">OCLCQ</subfield><subfield code="d">OCLCF</subfield><subfield code="d">OCLCO</subfield></datafield><datafield ind1="1" ind2=" " tag="029"><subfield code="a">AU@</subfield><subfield code="b">000022957140</subfield></datafield><datafield ind1=" " ind2=" " tag="042"><subfield code="a">pcc</subfield></datafield><datafield ind1=" " ind2=" " tag="043"><subfield code="a">n-us-ca</subfield></datafield><datafield ind1="0" ind2="4" tag="245"><subfield code="a">The East County Californian.</subfield></datafield><datafield ind1="3" ind2=" " tag="246"><subfield code="a">East County Californian weekend edition</subfield></datafield><datafield ind1="1" ind2=" " tag="246"><subfield code="i">Title on masthead:</subfield><subfield code="a">Californian, East County</subfield><subfield code="f">Apr. 4, 2003-</subfield></datafield><datafield ind1=" " ind2=" " tag="260"><subfield code="a">Alpine, CA :</subfield><subfield code="b">East County Community Newspapers (ECCN),</subfield><subfield code="c">2000-</subfield></datafield><datafield ind1=" " ind2=" " tag="300"><subfield code="a">v. :</subfield><subfield code="b">ill. ;</subfield><subfield code="c">35 cm.</subfield></datafield><datafield ind1=" " ind2=" " tag="310"><subfield code="a">Weekly,</subfield><subfield code="b">&lt;2003-&gt;</subfield></datafield><datafield ind1=" " ind2=" " tag="321"><subfield code="a">Semiweekly,</subfield><subfield code="b">2000-&lt;2002&gt;</subfield></datafield><datafield ind1="0" ind2=" " tag="362"><subfield code="a">Vol. 108, no. 10 (Feb. 2, 2000)-</subfield></datafield><datafield ind1=" " ind2=" " tag="500"><subfield code="a">Friday issue for 2000-&lt;2002&gt; called "weekend edition."</subfield></datafield><datafield ind1=" " ind2=" " tag="500"><subfield code="a">Published: El Cajon, CA : San Diego Neighborhood Newspapers, &lt;2003&gt;-</subfield></datafield><datafield ind1=" " ind2=" " tag="580"><subfield code="a">Published in several local editions.</subfield></datafield><datafield ind1=" " ind2=" " tag="588"><subfield code="a">Latest issue consulted: Apr. 4, 2003.</subfield></datafield><datafield ind1=" " ind2="0" tag="651"><subfield code="a">Alpine (San Diego County, Calif.)</subfield><subfield code="v">Newspapers.</subfield></datafield><datafield ind1=" " ind2="7" tag="655"><subfield code="a">Newspapers.</subfield><subfield code="2">fast</subfield><subfield code="0">(OCoLC)fst01423814</subfield></datafield><datafield ind1=" " ind2="7" tag="651"><subfield code="a">California</subfield><subfield code="z">Alpine (San Diego County)</subfield><subfield code="2">fast</subfield><subfield code="0">(OCoLC)fst01321223</subfield></datafield><datafield ind1=" " ind2=" " tag="752"><subfield code="a">United States</subfield><subfield code="b">California</subfield><subfield code="c">San Diego</subfield><subfield code="d">Alpine.</subfield></datafield><datafield ind1="0" ind2="0" tag="780"><subfield code="t">Californian (El Cajon, Calif. : 1999)</subfield><subfield code="w">(DLC)sn 00060682</subfield><subfield code="w">(OCoLC)43149128</subfield></datafield><datafield ind1="0" ind2="5" tag="780"><subfield code="t">Santee star</subfield></datafield><datafield ind1="0" ind2="5" tag="780"><subfield code="t">Lakeside leader</subfield></datafield><datafield ind1="0" ind2="5" tag="780"><subfield code="t">Cajon eagle</subfield></datafield><datafield ind1="0" ind2="5" tag="780"><subfield code="t">Spring Valley bulletin</subfield></datafield><datafield ind1="0" ind2="5" tag="780"><subfield code="t">Lemon Grove review</subfield></datafield><datafield ind1="0" ind2="5" tag="780"><subfield code="t">Mesa forum</subfield></datafield></record>